<?xml version="1.0" encoding="UTF-8"?><collection xmlns="http://www.loc.gov/MARC21/slim"><record><leader>00451nam--2200169-u-4500</leader><controlfield tag="001">000051443</controlfield><controlfield tag="002">20161230</controlfield><controlfield tag="005">20161230201049</controlfield><controlfield tag="008">080716s1000------------r-----000-0-eng-d</controlfield><datafield ind1=" " ind2=" " tag="040"><subfield code="a">IFIN-HH</subfield></datafield><datafield ind1=" " ind2=" " tag="080"><subfield code="a">510.6</subfield></datafield><datafield ind1="1" ind2=" " tag="100"><subfield code="a">Lavrov,I.A. i Maksimova,L.L</subfield></datafield><datafield ind1="1" ind2="0" tag="245"><subfield code="a">Zadach po Teorii Mnozhestv Matematicheskoi Logike i Teorii Algoritmov</subfield></datafield><datafield ind1=" " ind2=" " tag="260"><subfield code="a">Moskva</subfield><subfield code="b">Nauka</subfield><subfield code="c">1975</subfield></datafield><datafield ind1=" " ind2=" " tag="300"><subfield code="a">237 p</subfield></datafield><datafield ind1=" " ind2=" " tag="852"><subfield code="a">78506</subfield><subfield code="c">517.11</subfield></datafield><datafield ind1=" " ind2=" " tag="CAT"><subfield code="a">Sys</subfield><subfield code="c">20080716</subfield><subfield code="h">073711</subfield></datafield></record></collection>